<?xml version="1.0" encoding="UTF-8"?><collection xmlns="http://www.loc.gov/MARC21/slim"><record><leader>00420nam--2200133-i-4500</leader><controlfield tag="001">000014628</controlfield><controlfield tag="002">20161230</controlfield><controlfield tag="005">20161230201030</controlfield><controlfield tag="008">060222s1000------------r-----000-0-eng-d</controlfield><datafield ind1=" " ind2=" " tag="080"><subfield code="a">550.34</subfield></datafield><datafield ind1=" " ind2=" " tag="100"><subfield code="a">Agamennone, G. E Cavasine, A</subfield></datafield><datafield ind1=" " ind2=" " tag="245"><subfield code="a">Sulla presunta periodicita dei grandi terremeti che colpiscone la costa delle marche e delle romagne</subfield></datafield><datafield ind1=" " ind2=" " tag="260"><subfield code="a">Modena, Societa Tipografica Modenese, 1911. 47p</subfield></datafield><datafield ind1=" " ind2=" " tag="852"><subfield code="a">48136</subfield></datafield></record></collection>